@misc{soronline,
  title = {söronline},
  howpublished = "\url{https://www.soronline.hu/}",
  note = "[Online; accessed 31-March-2022]"
}

@misc{beerselection,
  title = {Német sörök - Beerselection},
  howpublished = "\url{https://www.beerselection.hu/beerselectionhu-118/sorok/nemet-sorok}",
  note = "[Online; accessed 31-March-2022]"
}

@misc{beergourmet,
  title = {Német sörök - Eredeti import német sörök},
  howpublished = "\url{https://www.beergourmet.hu/nemet-sorok/}",
  note = "[Online; accessed 31-March-2022]"
}

@misc{csakajosor,
  title = {Németország - Csakajósör},
  howpublished = "\url{https://www.csakajosor.hu/origin/germany?page=1}",
  note = "[Online; accessed 31-March-2022]"
}
